@website{mirex06,
title={2006:Audio Beat Tracking},
url={https://www.music-ir.org/mirex/wiki/2006:Audio_Beat_Tracking},
journal={MIREX Wiki}}

@inproceedings{bock1,
author = {BÃ¶ck, Sebastian and Schedl, Markus},
year = {2011},
month = {09},
pages = {},
title = {Enhanced Beat Tracking with Context-Aware Neural Networks},
booktitle = {Proceedings of the 14th International Conference on Digital Audio Effects, DAFx 2011}
}

@inproceedings{bock2,
  title={An Efficient State-Space Model for Joint Tempo and Meter Tracking},
  author={F. Krebs and S. B{\"o}ck and G. Widmer},
  booktitle={ISMIR},
  year={2015}
}

@inproceedings{madmom,
   Title = {{madmom: a new Python Audio and Music Signal Processing Library}},
   Author = {B{\"o}ck, Sebastian and Korzeniowski, Filip and Schl{\"u}ter, Jan and Krebs, Florian and Widmer, Gerhard},
   Booktitle = {Proceedings of the 24th ACM International Conference on
   Multimedia},
   Month = {10},
   Year = {2016},
   Pages = {1174--1178},
   Address = {Amsterdam, The Netherlands},
   Doi = {10.1145/2964284.2973795}
}
