@website{mirex06,
title={2006:Audio Beat Tracking},
url={https://www.music-ir.org/mirex/wiki/2006:Audio_Beat_Tracking},
journal={MIREX Wiki}}

@inproceedings{bock1,
author = {BÃ¶ck, Sebastian and Schedl, Markus},
year = {2011},
month = {09},
pages = {},
title = {Enhanced Beat Tracking with Context-Aware Neural Networks},
booktitle = {Proceedings of the 14th International Conference on Digital Audio Effects, DAFx 2011}
}

@inproceedings{bock2,
  title={An Efficient State-Space Model for Joint Tempo and Meter Tracking},
  author={F. Krebs and S. B{\"o}ck and G. Widmer},
  booktitle={ISMIR},
  year={2015}
}

@inproceedings{madmom,
   Title = {{madmom: a new Python Audio and Music Signal Processing Library}},
   Author = {B{\"o}ck, Sebastian and Korzeniowski, Filip and Schl{\"u}ter, Jan and Krebs, Florian and Widmer, Gerhard},
   Booktitle = {Proceedings of the 24th ACM International Conference on
   Multimedia},
   Month = {10},
   Year = {2016},
   Pages = {1174--1178},
   Address = {Amsterdam, The Netherlands},
   Doi = {10.1145/2964284.2973795}
}

@misc{beatmeta,
  title={MIREX 2012 AUDIO BEAT TRACKING EVALUATION : NEUROBEAT},
  author={E. Krebs and S. B{\"o}ck},
  year={2012}
}

@phdthesis{periphery,
author = {Whithead, James},
year = {2019},
month = {07},
pages = {},
title = {Exploring the defining characteristics of the contemporary metal `djent' scape as represented by the band Periphery.}
}

@article{meshuggah,
    author = {Capuzzo, Guy},
    title = "{Rhythmic Deviance in the Music of Meshuggah}",
    journal = {Music Theory Spectrum},
    volume = {40},
    number = {1},
    pages = {121-137},
    year = {2018},
    month = {04},
    issn = {0195-6167},
    doi = {10.1093/mts/mty005},
    url = {https://doi.org/10.1093/mts/mty005},
    eprint = {https://academic.oup.com/mts/article-pdf/40/1/121/24968672/mty005.pdf},
}

@misc{pose1,
author = {Potempski, Filip and Sabo, Andrea and Patterson, Kara},
year = {2020},
month = {10},
pages = {},
title = {Technical Note: Quantifying music-dance synchrony with the application of a deep learning-based 2D pose estimator},
doi = {10.1101/2020.10.09.333617}
}

@inproceedings{pose2,
author = {Pedersoli, Fabrizio and Goto, Masataka},
year = {2020},
title = {Dance Beat Tracking from Visual Information Alone},
url = {https://program.ismir2020.net/poster_3-10.html},
booktitle = {ISMIR 2020}
}

@misc{clicks,
title = {Fundamentals of Music Processing -- Sonification},
author = {M{\"u}ller, Meinard and Zunner, Tim},
url = {https://www.audiolabs-erlangen.de/resources/MIR/FMP/B/B_Sonification.html}}
